% article: Para artigos de revistas.
% book: Para livros.
% conference: Para conferências.
% inbook: Para uma parte de um livro, como um capítulo ou páginas específicas.
% incollection: Para uma parte de um livro que faz parte de uma coleção.
% manual: Para documentação técnica.
% mastersthesis: Para dissertações de mestrado.
% misc: Para qualquer outro tipo de documento não coberto pelos tipos acima.
% phdthesis: Para teses de doutorado.
% techreport: Para relatórios técnicos.
% unpublished: Para documentos não publicados.

@incollection{ExtractGPT2023,
  address    = {Cham},
  author     = {Brinkmann, Alexander and Shraga, Roee and Bizer, Christian},
  booktitle  = {Information Integration and Web Intelligence},
  doi        = {10.1007/978-3-031-78090-5_4},
  editor     = {Delir Haghighi, Pari and Greguš, Michal and Kotsis, Gabriele and Khalil, Ismail},
  isbn       = {9783031780899 9783031780905},
  language   = {en},
  pages      = {38--52},
  publisher  = {Springer Nature Switzerland},
  shorttitle = {ExtractGPT},
  title      = {ExtractGPT: Exploring the Potential of Large Language Models for Product Attribute Value Extraction},
  url        = {https://link.springer.com/10.1007/978-3-031-78090-5_4},
  urldate    = {2025-10-02},
  volume     = {15342},
  date       = {2024-12-04},
  year       = {2024}
}

@misc{MAVE2024,
  author = {Yang, Yinfei and Kharitonov, Eugene and Ghosh, Sabyasachi and others},
  note   = {Accessed October 2025},
  title  = {MAVE: A Large-Scale Dataset for Product Attribute Value Extraction},
  url    = {https://github.com/google-research-datasets/MAVE},
  year   = {2022}
}

@article{NormalizationLLM2024,
  address   = {Cham},
  author    = {Brinkmann, Alexander and Baumann, Nick and Bizer, Christian},
  booktitle = {Advances in Databases and Information Systems},
  doi       = {10.1007/978-3-031-70626-4_15},
  editor    = {Tekli, Joe and Gamper, Johann and Chbeir, Richard and Manolopoulos, Yannis},
  isbn      = {9783031706288 9783031706264},
  journal   = {arXiv preprint arXiv:2403.02130},
  language  = {en},
  note      = {Accessed October 2025},
  pages     = {217--230},
  publisher = {Springer Nature Switzerland},
  title     = {Using LLMs for the Extraction and Normalization of Product Attribute Values},
  url       = {https://link.springer.com/10.1007/978-3-031-70626-4_15},
  urldate   = {2025-10-02},
  volume    = {14918},
  year      = {2024}
}

@article{PAE2024,
  author     = {Sinha, Apurva and Gujral, Ekta},
  copyright  = {Creative Commons Attribution 4.0 International},
  doi        = {10.48550/ARXIV.2405.17533},
  journal    = {arXiv preprint arXiv:2405.17533},
  keywords   = {Artificial Intelligence (cs.AI), Computer Vision and Pattern Recognition (cs.CV), FOS: Computer and information sciences, Machine Learning (cs.LG)},
  note       = {Accessed October 2025},
  publisher  = {arXiv},
  shorttitle = {PAE},
  title      = {PAE: LLM-based Product Attribute Extraction for E-Commerce Fashion Trends},
  url        = {https://arxiv.org/abs/2405.17533},
  urldate    = {2025-10-02},
  year       = {2024}
}

@article{SelfRefinementLLM2024,
  author    = {Brinkmann, Alexander and Bizer, Christian},
  copyright = {arXiv.org perpetual, non-exclusive license},
  doi       = {10.48550/ARXIV.2501.01237},
  journal   = {arXiv preprint arXiv:2501.01237},
  keywords  = {Computation and Language (cs.CL), FOS: Computer and information sciences},
  note      = {Accessed October 2025},
  publisher = {arXiv},
  title     = {Self-Refinement Strategies for LLM-based Product Attribute Value Extraction},
  url       = {https://arxiv.org/abs/2501.01237},
  urldate   = {2025-10-02},
  year      = {2025}
}

@inproceedings{TRECDeepLearning2022,
  author    = {Nick Craswell AND Bhaskar Mitra AND Emine Yilmaz AND Daniel Campos AND Jimmy Lin AND Ellen M. Voorhees AND Ian Soboroff},
  booktitle = {Proceedings of the 31st Text REtrieval Conference (TREC 2022)},
  copyright = {arXiv.org perpetual, non-exclusive license},
  doi       = {10.48550/ARXIV.2507.10865},
  keywords  = {Artificial Intelligence (cs.AI), Computation and Language (cs.CL), FOS: Computer and information sciences, Information Retrieval (cs.IR)},
  note      = {Dataset: TREC Product Search Track, Accessed October 2025},
  publisher = {NIST},
  title     = {TREC 2022 Deep Learning Track Overview},
  url       = {https://arxiv.org/abs/2507.10865},
  urldate   = {2025-10-02},
  year      = {2022}
}

@misc{TRECProductSearch_2023,
  author    = {Daniel Campos AND Surya Kallumadi AND Corby Rosset AND Cheng Xiang Zhai AND Alessandro Magnani},
  copyright = {Creative Commons Zero v1.0 Universal},
  doi       = {10.48550/ARXIV.2311.07861},
  keywords  = {Artificial Intelligence (cs.AI), FOS: Computer and information sciences, Information Retrieval (cs.IR)},
  publisher = {arXiv},
  title     = {Overview of the TREC 2023 Product Product Search Track},
  url       = {https://arxiv.org/abs/2311.07861},
  urldate   = {2025-10-02},
  year      = {2023}
}
